<?xml version="1.0" encoding="UTF-8" ?><marc:collection xmlns:marc="http://www.loc.gov/MARC21/slim" xmlns:xsi="http://www.w3.org/2001/XMLSchema-instance" xsi:schemaLocation="http://www.loc.gov/MARC21/slim http://www.loc.gov/standards/marcxml/schema/MARC21slim.xsd">
<marc:record><marc:leader>02871cam a2200457Mi 4500</marc:leader>
<marc:controlfield tag="001">b13765176</marc:controlfield>
<marc:controlfield tag="003">UaCaAUL</marc:controlfield><marc:controlfield tag="005">20180212030223.0</marc:controlfield><marc:controlfield tag="008">060719s1905    ua            000 0 ara d</marc:controlfield><marc:datafield tag="035" ind1=" " ind2=" "><marc:subfield code="a">(OCoLC)71011013</marc:subfield></marc:datafield><marc:datafield tag="040" ind1=" " ind2=" "><marc:subfield code="a">MEAUC</marc:subfield><marc:subfield code="b">eng</marc:subfield><marc:subfield code="e">rda</marc:subfield><marc:subfield code="c">MEAUC</marc:subfield><marc:subfield code="d">OCLCG</marc:subfield><marc:subfield code="d">STF</marc:subfield><marc:subfield code="d">OCLCO</marc:subfield><marc:subfield code="d">OCLCF</marc:subfield><marc:subfield code="d">OCLCQ</marc:subfield><marc:subfield code="d">MEAUC</marc:subfield></marc:datafield><marc:datafield tag="043" ind1=" " ind2=" "><marc:subfield code="a">aw-----</marc:subfield><marc:subfield code="a">ff-----</marc:subfield><marc:subfield code="a">e-sp---</marc:subfield></marc:datafield><marc:datafield tag="049" ind1=" " ind2=" "><marc:subfield code="a">MAIN</marc:subfield></marc:datafield><marc:datafield tag="050" ind1=" " ind2="4"><marc:subfield code="a">DS223</marc:subfield><marc:subfield code="b">.H25x 1905</marc:subfield></marc:datafield><marc:datafield tag="066" ind1=" " ind2=" "><marc:subfield code="c">(3</marc:subfield></marc:datafield><marc:datafield tag="090" ind1=" " ind2=" "><marc:subfield code="a">DS223</marc:subfield><marc:subfield code="b">.H25x 1905</marc:subfield></marc:datafield><marc:datafield tag="100" ind1="1" ind2=" "><marc:subfield code="6">880-01</marc:subfield><marc:subfield code="a">Ḥarb, Muḥammad,</marc:subfield><marc:subfield code="d">1876-1941.</marc:subfield></marc:datafield><marc:datafield tag="245" ind1="1" ind2="0"><marc:subfield code="6">880-02</marc:subfield><marc:subfield code="a">Tārīkh duwal al-ʻArab wa-al-Islām /</marc:subfield><marc:subfield code="c">taʼlīf Muḥammad Ṭalʻat Ḥarb, mudīr qalam qaḍāyā al-dāʼirah al-sanīyah wa-aḥad aʻḍāʼ al-Jamʻīyah al-Jughrāfīyah al-Khidīwīyah.</marc:subfield></marc:datafield><marc:datafield tag="250" ind1=" " ind2=" "><marc:subfield code="6">880-03</marc:subfield><marc:subfield code="a">al-Ṭabʻah al-thānīyah, nuqqiḥat wa-zīda ʻalayhā ziyādāt kathīrah mufīdah.</marc:subfield></marc:datafield><marc:datafield tag="264" ind1=" " ind2="1"><marc:subfield code="6">880-04</marc:subfield><marc:subfield code="a">al-Qāhirah :</marc:subfield><marc:subfield code="b">Maṭbaʻat Jarīdat Turk bi-al-Qāhirah,</marc:subfield><marc:subfield code="c">1323 Hijrīyah, 1905 Mīlādīyah.</marc:subfield></marc:datafield><marc:datafield tag="300" ind1=" " ind2=" "><marc:subfield code="a">volumes ;</marc:subfield><marc:subfield code="c">20 cm.</marc:subfield></marc:datafield><marc:datafield tag="336" ind1=" " ind2=" "><marc:subfield code="a">text</marc:subfield><marc:subfield code="b">txt</marc:subfield><marc:subfield code="2">rdacontent.</marc:subfield></marc:datafield><marc:datafield tag="337" ind1=" " ind2=" "><marc:subfield code="a">unmediated</marc:subfield><marc:subfield code="b">n</marc:subfield><marc:subfield code="2">rdamedia.</marc:subfield></marc:datafield><marc:datafield tag="338" ind1=" " ind2=" "><marc:subfield code="a">volume</marc:subfield><marc:subfield code="b">nc</marc:subfield><marc:subfield code="2">rdacarrier.</marc:subfield></marc:datafield><marc:datafield tag="500" ind1=" " ind2=" "><marc:subfield code="6">880-05</marc:subfield><marc:subfield code="a">Jamīʻ al-ḥuqūq maḥfūẓah lil-muʼallif.</marc:subfield></marc:datafield><marc:datafield tag="500" ind1=" " ind2=" "><marc:subfield code="6">880-06</marc:subfield><marc:subfield code="a">Aṭlaʻa ʻalayhi ḥaḍrat al-fāḍil Ismāʻīl Bik Raʼfat, mudarris al-jughrāfiyā wa-al-tārīkh bi-al-madāris al-amīrīyah wa-bi-al-Azʹhar al-Sharīf.</marc:subfield></marc:datafield><marc:datafield tag="505" ind1="1" ind2=" "><marc:subfield code="6">880-07</marc:subfield><marc:subfield code="a">al-Juzʼ al-awwal. Fī tārīkh al-ʻArab wa-mā-kānū ʻalayhi qabla al-Islām ḥattá dawlat al-Khulafāʼ al-Rāshidīn --</marc:subfield></marc:datafield><marc:datafield tag="650" ind1=" " ind2="0"><marc:subfield code="a">Arabs</marc:subfield><marc:subfield code="x">History</marc:subfield><marc:subfield code="y">To 622.</marc:subfield></marc:datafield><marc:datafield tag="651" ind1=" " ind2="0"><marc:subfield code="a">Islamic Empire</marc:subfield><marc:subfield code="x">History</marc:subfield><marc:subfield code="y">622-661.</marc:subfield></marc:datafield><marc:datafield tag="651" ind1=" " ind2="0"><marc:subfield code="a">Islamic Empire</marc:subfield><marc:subfield code="x">History</marc:subfield><marc:subfield code="y">661-750.</marc:subfield></marc:datafield><marc:datafield tag="880" ind1="1" ind2=" "><marc:subfield code="6">100-01/(3/r</marc:subfield><marc:subfield code="a">حرب، محمد،‪</marc:subfield><marc:subfield code="d">1876-1941.</marc:subfield></marc:datafield><marc:datafield tag="880" ind1="1" ind2="0"><marc:subfield code="6">245-02/(3/r</marc:subfield><marc:subfield code="a">تاريخ دول العرب والاسلام /‪</marc:subfield><marc:subfield code="c">تأليف محمد طلعت حرب، مدير قلم قضايا الدائرة السنية وأحد أعضاء الجمعية الجغرافية الخديوية..</marc:subfield></marc:datafield><marc:datafield tag="880" ind1=" " ind2="1"><marc:subfield code="6">264-04/(3/r</marc:subfield><marc:subfield code="a">القاهرة :‪</marc:subfield><marc:subfield code="b">مطبعة جريدة ترك بالقاهرة،‪</marc:subfield><marc:subfield code="c">1323 هجرية، 1905 ميلادية..</marc:subfield></marc:datafield><marc:datafield tag="880" ind1=" " ind2=" "><marc:subfield code="6">250-03/(3/r</marc:subfield><marc:subfield code="a">الطبعة الثانية: نقحت وزيد عليها زيادات كثيرة مفيدة..</marc:subfield></marc:datafield><marc:datafield tag="880" ind1=" " ind2=" "><marc:subfield code="6">500-05/(3/r</marc:subfield><marc:subfield code="a">جميع الحقوق محفوظة للمؤلف..</marc:subfield></marc:datafield><marc:datafield tag="880" ind1=" " ind2=" "><marc:subfield code="6">500-06/(3/r</marc:subfield><marc:subfield code="a">اطلع عليه حضرة الفاضل اسماعيل بك رأفت، مدرس الجغرافيا والتاريخ بالمدارس الاميرية وبالأزهر الشريف..</marc:subfield></marc:datafield><marc:datafield tag="880" ind1="1" ind2=" "><marc:subfield code="6">505-07/(3/r</marc:subfield><marc:subfield code="a">الجزء الاول. في تاريخ العرب وماكانوا عليه قبل الاسلام حتى دولة الخلفاء الراشدين --.</marc:subfield></marc:datafield><marc:datafield tag="907" ind1=" " ind2=" "><marc:subfield code="a">.b13765176</marc:subfield><marc:subfield code="b">main </marc:subfield></marc:datafield><marc:datafield tag="902" ind1=" " ind2=" "><marc:subfield code="a">180508</marc:subfield></marc:datafield><marc:datafield tag="998" ind1=" " ind2=" "><marc:subfield code="b">1</marc:subfield><marc:subfield code="c">060730</marc:subfield><marc:subfield code="d">m</marc:subfield><marc:subfield code="e">a</marc:subfield><marc:subfield code="f">-</marc:subfield><marc:subfield code="g">0</marc:subfield><marc:subfield code="k">TA</marc:subfield></marc:datafield><marc:datafield tag="945" ind1=" " ind2=" "><marc:subfield code="l">main </marc:subfield><marc:subfield code="u">v.v.1</marc:subfield></marc:datafield></marc:record>
</marc:collection>
